<?xml version="1.0" encoding="UTF-8"?><collection xmlns="http://www.loc.gov/MARC21/slim"><record><leader>00545nam--2200193-u-4500</leader><controlfield tag="001">000054956</controlfield><controlfield tag="002">20161230</controlfield><controlfield tag="005">20161230201051</controlfield><controlfield tag="008">120711s1000------------r-----000-0-rus-d</controlfield><datafield ind1=" " ind2=" " tag="040"><subfield code="a">IFIN-HH</subfield></datafield><datafield ind1=" " ind2=" " tag="041"><subfield code="a">rus</subfield></datafield><datafield ind1=" " ind2=" " tag="080"><subfield code="a">539.18</subfield></datafield><datafield ind1="1" ind2=" " tag="100"><subfield code="a">Herzberg, Gerhard</subfield></datafield><datafield ind1="1" ind2="0" tag="245"><subfield code="a">Atomnie spektri i stroenie atomov</subfield><subfield code="c">Gerhard herzberg</subfield></datafield><datafield ind1=" " ind2=" " tag="260"><subfield code="a">Moskva</subfield><subfield code="b">Inostrannoi Literaturi</subfield><subfield code="c">1948</subfield></datafield><datafield ind1=" " ind2=" " tag="300"><subfield code="a">279P</subfield></datafield><datafield ind1=" " ind2=" " tag="500"><subfield code="a">Titul Original In Limba Engleza: Atomic Spectra And Atomic Structure</subfield></datafield><datafield ind1=" " ind2=" " tag="852"><subfield code="a">78474</subfield><subfield code="c">539.18</subfield></datafield><datafield ind1=" " ind2=" " tag="CAT"><subfield code="a">Sys</subfield><subfield code="c">20120711</subfield><subfield code="h">170703</subfield></datafield></record></collection>